<record><leader>00000cas a22000007a 4500</leader><controlfield tag="001">12385933</controlfield><controlfield tag="008">850814d19021904mtuwr ne      0    0eng d</controlfield><datafield ind1=" " ind2=" " tag="010"><subfield code="a">sn 85053232 </subfield></datafield><datafield ind1=" " ind2=" " tag="040"><subfield code="a">MTL</subfield><subfield code="b">eng</subfield><subfield code="c">MTL</subfield><subfield code="d">OCLCQ</subfield></datafield><datafield ind1=" " ind2=" " tag="042"><subfield code="a">msc</subfield></datafield><datafield ind1="0" ind2="4" tag="245"><subfield code="a">The Judith Basin news.</subfield></datafield><datafield ind1=" " ind2=" " tag="260"><subfield code="a">Lewistown, Mont. :</subfield><subfield code="b">J.H. Walsh,</subfield><subfield code="c">1902-1904.</subfield></datafield><datafield ind1=" " ind2=" " tag="300"><subfield code="a">2 v. :</subfield><subfield code="b">ill. ;</subfield><subfield code="c">55 cm.</subfield></datafield><datafield ind1=" " ind2=" " tag="310"><subfield code="a">Weekly</subfield></datafield><datafield ind1="0" ind2=" " tag="362"><subfield code="a">Vol. 1, no. 1 (Sept. 17, 1902)-v. 2, no. 31 (Apr. 20, 1904).</subfield></datafield><datafield ind1=" " ind2=" " tag="500"><subfield code="a">"A Socialist paper."</subfield></datafield><datafield ind1=" " ind2=" " tag="752"><subfield code="a">United States</subfield><subfield code="b">Montana</subfield><subfield code="c">Fergus</subfield><subfield code="d">Lewistown.</subfield></datafield><datafield ind1="0" ind2="0" tag="785"><subfield code="t">Montana news</subfield><subfield code="w">(DLC)sn 84024811</subfield></datafield></record>